% incl/bib/articles.bib : referencer til artikler
% ------------------------------------------------------------------------------
